<record><leader>00000cas a2200000 i 4500</leader><controlfield tag="001">1005846513</controlfield><controlfield tag="008">171011c19219999orufn ne     l0    0eng c</controlfield><datafield ind1=" " ind2=" " tag="010"><subfield code="a">  2017260114</subfield></datafield><datafield ind1=" " ind2=" " tag="040"><subfield code="a">ORU</subfield><subfield code="b">eng</subfield><subfield code="e">rda</subfield><subfield code="c">ORU</subfield><subfield code="d">ORU</subfield></datafield><datafield ind1=" " ind2=" " tag="042"><subfield code="a">pcc</subfield></datafield><datafield ind1=" " ind2=" " tag="043"><subfield code="a">n-us-or</subfield></datafield><datafield ind1="0" ind2=" " tag="130"><subfield code="a">Amplifier (West Linn, Or.)</subfield></datafield><datafield ind1="1" ind2="4" tag="245"><subfield code="a">The amplifier.</subfield></datafield><datafield ind1=" " ind2="1" tag="264"><subfield code="3">&lt;1983- &gt;:</subfield><subfield code="a">West Linn, Oregon :</subfield><subfield code="b">West Linn High School,</subfield><subfield code="c">1921?-</subfield></datafield><datafield ind1="2" ind2="1" tag="264"><subfield code="3">&lt;2006- &gt;:</subfield><subfield code="a">West Linn, Oregon :</subfield><subfield code="b">West Linn High School Advanced Journalism Class</subfield></datafield><datafield ind1="3" ind2="1" tag="264"><subfield code="3">&lt;2014- &gt;:</subfield><subfield code="a">West Linn, Oregon :</subfield><subfield code="b">WLHS now, West Linn High School Student Media</subfield></datafield><datafield ind1=" " ind2=" " tag="300"><subfield code="a">volumes :</subfield><subfield code="b">illustrations ;</subfield><subfield code="c">45 cm</subfield></datafield><datafield ind1=" " ind2=" " tag="310"><subfield code="a">Two issues a year,</subfield><subfield code="b">&lt;2014-&gt;</subfield></datafield><datafield ind1=" " ind2=" " tag="321"><subfield code="a">Every four weeks,</subfield><subfield code="b">&lt;1983-&gt;</subfield></datafield><datafield ind1=" " ind2=" " tag="336"><subfield code="a">text</subfield><subfield code="b">txt</subfield><subfield code="2">rdacontent</subfield></datafield><datafield ind1=" " ind2=" " tag="336"><subfield code="a">still image</subfield><subfield code="b">sti</subfield><subfield code="2">rdacontent</subfield></datafield><datafield ind1=" " ind2=" " tag="337"><subfield code="a">unmediated</subfield><subfield code="b">n</subfield><subfield code="2">rdamedia</subfield></datafield><datafield ind1=" " ind2=" " tag="338"><subfield code="a">volume</subfield><subfield code="b">nc</subfield><subfield code="2">rdacarrier</subfield></datafield><datafield ind1="1" ind2=" " tag="362"><subfield code="a">Began in 1921?</subfield></datafield><datafield ind1=" " ind2=" " tag="515"><subfield code="a">Vol. numbering irregular.</subfield></datafield><datafield ind1=" " ind2=" " tag="530"><subfield code="a">Available also online.</subfield></datafield><datafield ind1=" " ind2=" " tag="588"><subfield code="a">Description based on: Vol. 61, no. 8 (April 29, 1983); title from masthead.</subfield></datafield><datafield ind1=" " ind2=" " tag="588"><subfield code="a">Latest issue consulted: Vol. 11, Issue 2 (June, 2016) (online surrogate) (publisher's web site, viewed October 5, 2017).</subfield></datafield><datafield ind1="2" ind2="0" tag="610"><subfield code="a">West Linn High School</subfield><subfield code="v">Newspapers.</subfield></datafield><datafield ind1=" " ind2="0" tag="650"><subfield code="a">High school students</subfield><subfield code="z">Oregon</subfield><subfield code="z">West Linn</subfield><subfield code="v">Newspapers.</subfield></datafield><datafield ind1=" " ind2="0" tag="651"><subfield code="a">West Linn (Or.)</subfield><subfield code="v">Newspapers.</subfield></datafield><datafield ind1=" " ind2="7" tag="655"><subfield code="a">Newspapers.</subfield><subfield code="2">lcgft</subfield></datafield><datafield ind1="2" ind2=" " tag="710"><subfield code="a">West Linn High School,</subfield><subfield code="e">issuing body.</subfield></datafield><datafield ind1=" " ind2=" " tag="752"><subfield code="a">United States</subfield><subfield code="b">Oregon</subfield><subfield code="c">Clackamas</subfield><subfield code="d">West Linn.</subfield></datafield><datafield ind1="4" ind2="1" tag="856"><subfield code="3">2014-</subfield><subfield code="u">https://issuu.com/amplifier</subfield></datafield></record>